@article{Wald1939,
 ISSN = {00034851},
 URL = {http://www.jstor.org/stable/2235609},
 author = {Abraham Wald},
 journal = {The Annals of Mathematical Statistics},
 number = {4},
 pages = {299--326},
 publisher = {Institute of Mathematical Statistics},
 title = {Contributions to the Theory of Statistical Estimation and Testing Hypotheses},
 urldate = {2022-12-28},
 volume = {10},
 year = {1939}
}